@article{company,
title="Description of the company",
author="Company official website \copyright 2021",
year="[Access on 03/03/2021]",
url="Link"
} 

@misc{insat,
title = {Site Web de l'INSAT},
howpublished = {\url{http://www.insat.rnu.tn}},
note = {Consult\'e le 24/03/2021}
}